[gd_scene load_steps=10 format=2]

[ext_resource path="res://Aseprite/PlayerTemp.png" type="Texture" id=1]
[ext_resource path="res://Characters/PlayerClone.cs" type="Script" id=2]
[ext_resource path="res://Aseprite/AlienClone.png" type="Texture" id=3]

[sub_resource type="RectangleShape2D" id=1]
extents = Vector2( 12, 12 )

[sub_resource type="AtlasTexture" id=2]
atlas = ExtResource( 3 )
region = Rect2( 0, 0, 32, 32 )

[sub_resource type="AtlasTexture" id=3]
atlas = ExtResource( 3 )
region = Rect2( 32, 0, 32, 32 )

[sub_resource type="AtlasTexture" id=4]
atlas = ExtResource( 3 )
region = Rect2( 64, 0, 32, 32 )

[sub_resource type="AtlasTexture" id=5]
atlas = ExtResource( 3 )
region = Rect2( 96, 0, 32, 32 )

[sub_resource type="SpriteFrames" id=6]
animations = [ {
"frames": [ SubResource( 2 ), SubResource( 3 ), SubResource( 4 ), SubResource( 5 ) ],
"loop": true,
"name": "default",
"speed": 5.0
} ]

[node name="PlayerClone" type="Area2D"]
z_index = 1
collision_layer = 8
collision_mask = 3
script = ExtResource( 2 )

[node name="CollisionShape2D" type="CollisionShape2D" parent="."]
shape = SubResource( 1 )

[node name="Sprite" type="Sprite" parent="."]
visible = false
modulate = Color( 0.52549, 0.47451, 0.12549, 1 )
texture = ExtResource( 1 )

[node name="AnimatedSprite" type="AnimatedSprite" parent="."]
frames = SubResource( 6 )
frame = 1
playing = true
[connection signal="area_entered" from="." to="." method="_on_PlayerClone_area_entered"]
